@misc{DeNatale2018,
       author = "De Natale et al.",
       title = "Seismic hazard assessment and risk mitigation at Ischia island (Naples, Southern Italy): a paradigm for seismic risk management in Italy. International Conference on Resilience and Sustainability of Cities in Hazardous Environments",
       year = "2018" }


